<?xml version="1.0"?>
<marc:records xmlns:marc="http://www.loc.gov/MARC21/slim" xmlns:xsi="http://www.w3.org/2001/XMLSchema-instance" xsi:schemaLocation="http://www.loc.gov/MARC21/slim http://www.loc.gov/standards/marcxml/schema/MARC21slim.xsd">
  <marc:record>
    <marc:leader>05840nam a2200685Ia 4500</marc:leader>
    <marc:controlfield tag="001">9977806953003681</marc:controlfield>
    <marc:controlfield tag="005">20200914113608.0</marc:controlfield>
    <marc:controlfield tag="008">200914q17001799xx            000 0 ara d</marc:controlfield>
    <marc:datafield ind1=" " ind2=" " tag="035">
  <marc:subfield code="a">(OCoLC)1195562330</marc:subfield>
</marc:datafield>
    <marc:datafield ind1=" " ind2=" " tag="035">
  <marc:subfield code="a">(OCoLC)on1195562330</marc:subfield>
</marc:datafield>
    <marc:datafield ind1=" " ind2=" " tag="040">
  <marc:subfield code="a">PAU</marc:subfield>
  <marc:subfield code="b">eng</marc:subfield>
  <marc:subfield code="c">PAU</marc:subfield>
  <marc:subfield code="e">amremm</marc:subfield>
</marc:datafield>
    <marc:datafield ind1=" " ind2="9" tag="099">
  <marc:subfield code="a">CAJS Rar Ms 278</marc:subfield>
</marc:datafield>
    <marc:datafield ind1="1" ind2=" " tag="100">
  <marc:subfield code="6">880-01</marc:subfield>
  <marc:subfield code="a">Azhari&#x304;, Kha&#x304;lid ibn &#x2BB;Abd Alla&#x304;h,</marc:subfield>
  <marc:subfield code="d">-1499.</marc:subfield>
</marc:datafield>
    <marc:datafield ind1="1" ind2="0" tag="240">
  <marc:subfield code="6">880-02</marc:subfield>
  <marc:subfield code="a">Tas&#x323;ri&#x304;h&#x323; &#x2BB;ala&#x301; al-Tawd&#x323;i&#x304;h&#x323;</marc:subfield>
</marc:datafield>
    <marc:datafield ind1="1" ind2="3" tag="245">
  <marc:subfield code="6">880-03</marc:subfield>
  <marc:subfield code="a">al-Tas&#x323;ri&#x304;h&#x323; bi-mad&#x323;mu&#x304;n al-Tawd&#x323;i&#x304;h&#x323;.</marc:subfield>
</marc:datafield>
    <marc:datafield ind1=" " ind2=" " tag="260">
  <marc:subfield code="c">[between 1700 and 1799?]</marc:subfield>
</marc:datafield>
    <marc:datafield ind1=" " ind2=" " tag="300">
  <marc:subfield code="a">292 leaves :</marc:subfield>
  <marc:subfield code="b">paper ;</marc:subfield>
  <marc:subfield code="c">287 x 204 (225 x 140) mm.</marc:subfield>
</marc:datafield>
    <marc:datafield ind1=" " ind2=" " tag="500">
  <marc:subfield code="a">Title from title page (f. 1r).</marc:subfield>
</marc:datafield>
    <marc:datafield ind1=" " ind2=" " tag="500">
  <marc:subfield code="a">Foliation: Modern foliation added in pencil, upper left recto; catchwords every verso, lower left.</marc:subfield>
</marc:datafield>
    <marc:datafield ind1=" " ind2=" " tag="500">
  <marc:subfield code="a">Layout: Written in 29 long lines.</marc:subfield>
</marc:datafield>
    <marc:datafield ind1=" " ind2=" " tag="500">
  <marc:subfield code="a">Script: Written in maghribi&#x304; in brown ink; pointed.</marc:subfield>
</marc:datafield>
    <marc:datafield ind1=" " ind2=" " tag="500">
  <marc:subfield code="a">Decoration: Rubrications in red.</marc:subfield>
</marc:datafield>
    <marc:datafield ind1=" " ind2=" " tag="500">
  <marc:subfield code="a">Binding: Disbound and probably never bound; held in paperboard folder.</marc:subfield>
</marc:datafield>
    <marc:datafield ind1=" " ind2=" " tag="500">
  <marc:subfield code="a">Origin: The copy is undated, possibly 18th century.</marc:subfield>
</marc:datafield>
    <marc:datafield ind1=" " ind2=" " tag="500">
  <marc:subfield code="a">Watermark: Trefoil with initials A, C.</marc:subfield>
</marc:datafield>
    <marc:datafield ind1=" " ind2=" " tag="500">
  <marc:subfield code="a">One envelope addressed to M. Mohamed Lahchai&#x308;chi of Tunis from L'Afrique Franc&#x327;aise and postmarked 15 April 1899, laid in.</marc:subfield>
</marc:datafield>
    <marc:datafield ind1=" " ind2=" " tag="500">
  <marc:subfield code="a">Owners' notes, some scribbled out, and other notes (f. 1r).</marc:subfield>
</marc:datafield>
    <marc:datafield ind1=" " ind2=" " tag="500">
  <marc:subfield code="a">Kabi&#x304;kaj invocation (f. 1r).</marc:subfield>
</marc:datafield>
    <marc:datafield ind1=" " ind2=" " tag="520">
  <marc:subfield code="a">Collection of works on Arabic grammar; copied in at least two hands.</marc:subfield>
</marc:datafield>
    <marc:datafield ind1=" " ind2=" " tag="524">
  <marc:subfield code="a">CAJS Rar Ms 278</marc:subfield>
</marc:datafield>
    <marc:datafield ind1="1" ind2=" " tag="541">
  <marc:subfield code="a">Gift of Solomon L. Skoss to the library of the Dropsie College for Hebrew and Cognate Learning (library bookplate adhered to paperboard wrapper).</marc:subfield>
</marc:datafield>
    <marc:datafield ind1=" " ind2=" " tag="546">
  <marc:subfield code="a">Arabic.</marc:subfield>
</marc:datafield>
    <marc:datafield ind1="1" ind2=" " tag="561">
  <marc:subfield code="a">Formerly owned by &#x2BB;Abd al-H&#x323;afi&#x304;z&#x323; ibn Muh&#x323;ammad al-S&#x323;aghi&#x304;r (note in ink, f. 1r).</marc:subfield>
</marc:datafield>
    <marc:datafield ind1="1" ind2=" " tag="561">
  <marc:subfield code="a">Formerly owned by the Dropsie College for Hebrew and Cognate Learning (library bookplate adhered to paperboard wrapper).</marc:subfield>
</marc:datafield>
    <marc:datafield ind1="1" ind2="0" tag="600">
  <marc:subfield code="6">880-04</marc:subfield>
  <marc:subfield code="a">Ibn Hisha&#x304;m, &#x2BB;Abd Alla&#x304;h ibn Yu&#x304;suf,</marc:subfield>
  <marc:subfield code="d">1309-1360.</marc:subfield>
  <marc:subfield code="t">Awd&#x323;ah&#x323; al-masa&#x304;lik li-Alfi&#x304;yat Ibn Ma&#x304;lik.</marc:subfield>
</marc:datafield>
    <marc:datafield ind1="1" ind2="0" tag="600">
  <marc:subfield code="6">880-05</marc:subfield>
  <marc:subfield code="a">Ibn Ma&#x304;lik, Muh&#x323;ammad ibn &#x2BB;Abd Alla&#x304;h,</marc:subfield>
  <marc:subfield code="d">-1274.</marc:subfield>
  <marc:subfield code="t">Alfi&#x304;yah.</marc:subfield>
</marc:datafield>
    <marc:datafield ind1=" " ind2="0" tag="650">
  <marc:subfield code="a">Arabic language</marc:subfield>
  <marc:subfield code="x">Grammar</marc:subfield>
  <marc:subfield code="v">Early works to 1800.</marc:subfield>
</marc:datafield>
    <marc:datafield ind1=" " ind2="0" tag="655">
  <marc:subfield code="a">Manuscripts, Arabic.</marc:subfield>
</marc:datafield>
    <marc:datafield ind1=" " ind2="0" tag="655">
  <marc:subfield code="a">Manuscripts, 18th century.</marc:subfield>
</marc:datafield>
    <marc:datafield ind1=" " ind2="7" tag="655">
  <marc:subfield code="a">Codices (bound manuscripts)</marc:subfield>
  <marc:subfield code="2">aat</marc:subfield>
</marc:datafield>
    <marc:datafield ind1=" " ind2="7" tag="655">
  <marc:subfield code="a">Commentaries.</marc:subfield>
  <marc:subfield code="2">aat</marc:subfield>
</marc:datafield>
    <marc:datafield ind1=" " ind2="7" tag="655">
  <marc:subfield code="a">Annotations (Provenance)</marc:subfield>
  <marc:subfield code="2">rbprov</marc:subfield>
</marc:datafield>
    <marc:datafield ind1="1" ind2="2" tag="700">
  <marc:subfield code="6">880-06</marc:subfield>
  <marc:subfield code="a">Ibn Hisha&#x304;m, &#x2BB;Abd Alla&#x304;h ibn Yu&#x304;suf,</marc:subfield>
  <marc:subfield code="d">1309-1360.</marc:subfield>
  <marc:subfield code="t">Awd&#x323;ah&#x323; al-masa&#x304;lik li-Alfi&#x304;yat Ibn Ma&#x304;lik.</marc:subfield>
  <marc:subfield code="k">Selections.</marc:subfield>
</marc:datafield>
    <marc:datafield ind1="1" ind2="2" tag="700">
  <marc:subfield code="6">880-07</marc:subfield>
  <marc:subfield code="a">Ibn Ma&#x304;lik, Muh&#x323;ammad ibn &#x2BB;Abd Alla&#x304;h,</marc:subfield>
  <marc:subfield code="d">-1274.</marc:subfield>
  <marc:subfield code="t">Alfi&#x304;yah.</marc:subfield>
  <marc:subfield code="k">Selections</marc:subfield>
</marc:datafield>
    <marc:datafield ind1="0" ind2=" " tag="700">
  <marc:subfield code="6">880-08</marc:subfield>
  <marc:subfield code="a">&#x2BB;Abd al-H&#x323;afi&#x304;z&#x323; ibn Muh&#x323;ammad al-S&#x323;aghi&#x304;r,</marc:subfield>
  <marc:subfield code="e">former owner.</marc:subfield>
</marc:datafield>
    <marc:datafield ind1="1" ind2=" " tag="700">
  <marc:subfield code="a">Skoss, Solomon Leon,</marc:subfield>
  <marc:subfield code="d">1884-1953,</marc:subfield>
  <marc:subfield code="e">former owner.</marc:subfield>
</marc:datafield>
    <marc:datafield ind1="2" ind2=" " tag="710">
  <marc:subfield code="a">Dropsie College for Hebrew and Cognate Learning,</marc:subfield>
  <marc:subfield code="e">former owner.</marc:subfield>
</marc:datafield>
    <marc:datafield ind1=" " ind2=" " tag="852">
  <marc:subfield code="b">Library at the Herbert D. Katz Center for Advanced Judaic Studies</marc:subfield>
  <marc:subfield code="a">University of Pennsylvania</marc:subfield>
  <marc:subfield code="e">420 Walnut Street, Philadelphia, Pennsylvania 19106-3703</marc:subfield>
  <marc:subfield code="j">CAJS Rar Ms 278</marc:subfield>
</marc:datafield>
    <marc:datafield ind1="4" ind2="1" tag="856">
  <marc:subfield code="z">Digital facsimile in OPenn</marc:subfield>
  <marc:subfield code="u">https://openn.library.upenn.edu/Data/0002/html/kcajs_rar_ms278.html</marc:subfield>
</marc:datafield>
    <marc:datafield ind1="1" ind2=" " tag="880">
  <marc:subfield code="6">100-01//r</marc:subfield>
  <marc:subfield code="a">&#x627;&#x632;&#x647;&#x631;&#x64A;&#x60C; &#x62E;&#x627;&#x644;&#x62F; &#x628;&#x646; &#x639;&#x628;&#x62F; &#x627;&#x644;&#x644;&#x647;&#x60C;</marc:subfield>
  <marc:subfield code="d">-1499.</marc:subfield>
</marc:datafield>
    <marc:datafield ind1="1" ind2="0" tag="880">
  <marc:subfield code="6">240-02//r</marc:subfield>
  <marc:subfield code="a">&#x62A;&#x635;&#x631;&#x64A;&#x62D; &#x639;&#x644;&#x649; &#x627;&#x644;&#x62A;&#x648;&#x636;&#x64A;&#x62D;</marc:subfield>
</marc:datafield>
    <marc:datafield ind1="1" ind2="2" tag="880">
  <marc:subfield code="6">245-03//r</marc:subfield>
  <marc:subfield code="a">&#x627;&#x644;&#x62A;&#x635;&#x631;&#x64A;&#x62D; &#x628;&#x645;&#x636;&#x645;&#x648;&#x646; &#x627;&#x644;&#x62A;&#x648;&#x636;&#x64A;&#x62D;.</marc:subfield>
</marc:datafield>
    <marc:datafield ind1="1" ind2="4" tag="880">
  <marc:subfield code="6">600-04//r</marc:subfield>
  <marc:subfield code="a">&#x627;&#x628;&#x646; &#x647;&#x634;&#x627;&#x645;&#x60C; &#x639;&#x628;&#x62F; &#x627;&#x644;&#x644;&#x647; &#x628;&#x646; &#x64A;&#x648;&#x633;&#x641;&#x60C;</marc:subfield>
  <marc:subfield code="d">1309-1360.</marc:subfield>
  <marc:subfield code="t">&#x627;&#x648;&#x636;&#x62D; &#x627;&#x644;&#x645;&#x633;&#x627;&#x644;&#x643; &#x644;&#x623;&#x644;&#x641;&#x64A;&#x629; &#x627;&#x628;&#x646; &#x645;&#x627;&#x644;&#x643;.</marc:subfield>
</marc:datafield>
    <marc:datafield ind1="1" ind2="4" tag="880">
  <marc:subfield code="6">600-05//r</marc:subfield>
  <marc:subfield code="a">&#x627;&#x628;&#x646; &#x645;&#x627;&#x644;&#x643;&#x60C; &#x645;&#x62D;&#x645;&#x62F; &#x628;&#x646; &#x639;&#x628;&#x62F; &#x627;&#x644;&#x644;&#x647;&#x60C;</marc:subfield>
  <marc:subfield code="d">-1274.</marc:subfield>
  <marc:subfield code="t">&#x623;&#x644;&#x641;&#x64A;&#x629;.</marc:subfield>
</marc:datafield>
    <marc:datafield ind1="1" ind2="2" tag="880">
  <marc:subfield code="6">700-06//r</marc:subfield>
  <marc:subfield code="a">&#x627;&#x628;&#x646; &#x647;&#x634;&#x627;&#x645;&#x60C; &#x639;&#x628;&#x62F; &#x627;&#x644;&#x644;&#x647; &#x628;&#x646; &#x64A;&#x648;&#x633;&#x641;&#x60C;</marc:subfield>
  <marc:subfield code="d">1309-1360.</marc:subfield>
  <marc:subfield code="t">&#x627;&#x648;&#x636;&#x62D; &#x627;&#x644;&#x645;&#x633;&#x627;&#x644;&#x643; &#x644;&#x623;&#x644;&#x641;&#x64A;&#x629; &#x627;&#x628;&#x646; &#x645;&#x627;&#x644;&#x643;.</marc:subfield>
  <marc:subfield code="k">Selections.</marc:subfield>
</marc:datafield>
    <marc:datafield ind1="1" ind2="2" tag="880">
  <marc:subfield code="6">700-07//r</marc:subfield>
  <marc:subfield code="a">&#x627;&#x628;&#x646; &#x645;&#x627;&#x644;&#x643;&#x60C; &#x645;&#x62D;&#x645;&#x62F; &#x628;&#x646; &#x639;&#x628;&#x62F; &#x627;&#x644;&#x644;&#x647;&#x60C;</marc:subfield>
  <marc:subfield code="d">-1274.</marc:subfield>
  <marc:subfield code="t">&#x623;&#x644;&#x641;&#x64A;&#x629;.</marc:subfield>
  <marc:subfield code="k">Selections.</marc:subfield>
</marc:datafield>
    <marc:datafield ind1="0" ind2=" " tag="880">
  <marc:subfield code="6">700-08//r</marc:subfield>
  <marc:subfield code="a">&#x639;&#x628;&#x62F; &#x627;&#x644;&#x62D;&#x641;&#x64A;&#x638; &#x628;&#x646; &#x645;&#x62D;&#x645;&#x62F; &#x627;&#x644;&#x635;&#x63A;&#x64A;&#x631;&#x60C;</marc:subfield>
  <marc:subfield code="e">former owner.</marc:subfield>
</marc:datafield>
    <marc:datafield ind1=" " ind2=" " tag="948">
  <marc:subfield code="h">HELD BY PAU - 0 OTHER HOLDINGS</marc:subfield>
</marc:datafield>
    <marc:datafield ind1=" " ind2=" " tag="994">
  <marc:subfield code="a">Z0</marc:subfield>
  <marc:subfield code="b">PAU</marc:subfield>
</marc:datafield>
    <marc:datafield ind1=" " ind2=" " tag="996">
  <marc:subfield code="a">hinge-right</marc:subfield>
</marc:datafield>
    <marc:holdings>
      <marc:holding>
        <marc:holding_id>22647159890003681</marc:holding_id>
        <marc:call_number>CAJS Rar Ms 278</marc:call_number>
        <marc:library>KatzLib</marc:library>
        <marc:location>cjsrarms</marc:location>
      </marc:holding>
    </marc:holdings>
  </marc:record>
</marc:records>
